%%%%%%%%%%%%%%%%%%%%%
% Miscell
%%%%%%%%%%%%%%%%%%%%%

@misc{gopython,
  title = {{go-python}},
  howpublished = "\url{https://github.com/sbinet/go-python}",
  year = {2018} 
}

@article{Apple:2017,
  author    = {Jun Tang and
               Aleksandra Korolova and
               Xiaolong Bai and
               Xueqiang Wang and
               XiaoFeng Wang},
  title     = {Privacy Loss in Apple's Implementation of Differential Privacy on
               MacOS 10.12},
  year      = {2017},
  archivePrefix = {arXiv},
}

@ARTICLE{mcmc:2013,
   author = {{Foreman-Mackey}, D. and {Hogg}, D.~W. and {Lang}, D. and {Goodman}, J.
  },
    title = "{emcee: The MCMC Hammer}",
    year = {2013},
}

@techreport{Back:2002,
    author = {Adam Back},
    title = {{Hashcash - A Denial of Service Counter-Measure}},
    institution = {},
    year = {2002}
}

@article{Nakamoto:2009,
author = {Nakamoto, Satoshi},
title = {{Bitcoin: A peer-to-peer electronic cash system}},
year = {2009},
}

@article{Rahm:2001,
  author = {Rahm, Erhard and Bernstein, Philip A.},
  title = {{A Survey of Approaches to Automatic Schema Matching}},
  journal = {The VLDB Journal},
  year = {2001},
} 

@inproceedings{Wang:2014,
  author = {Wang, Gang and Wang, Bolun and Wang, Tianyi and Nika, Ana and Zheng, Haitao and Zhao, Ben Y.},
  title = {{Whispers in the Dark: Analysis of an Anonymous Social Network}},
  booktitle = {Proceedings of the 2014 Conference on Internet Measurement Conference},
  year = {2014},
} 

@inproceedings{Li:2014,
 author     = {Li, Mu and
               Andersen, David G. and
               Park, Jun Woo and
               Smola, Alexander J. and
               Ahmed, Amr and
               Josifovski, Vanja and
               Long, James and
               Shekita, Eugene J. and
               Su, Bor-Yiing},
 title      = {{Scaling Distributed Machine Learning with the Parameter Server}},
 booktitle = {11th USENIX Symposium on Operating Systems Design and Implementation (OSDI 14)},
 year = {2014},
} 

@misc{Apple:2016,
 author = {Andy Greenburg},
 title = {{Apple's Differential Privacy is about collecting your data-but not your data}},
 year = {2016},
 howpublished = {https://www.wired.com/2016/06/apples-differential-privacy-collecting-data/},
 note = {Accessed: 2017-09-24}
}

@misc{Gboard:2017,
 author = {H. Brendan McMahan and Daniel Ramage},
 title = {{Federated Learning: Collaborative Machine Learning without Centralized Training Data}},
 year = {2017},
 howpublished = {https://research.googleblog.com/2017/04/federated-learning-collaborative.html},
 note = {Accessed: 2017-10-12}
}

%%%%%%%%%%%%%%%%%%%%%
ML- stuff
%%%%%%%%%%%%%%%%%%%%%

@techreport{Stoica:2017,
    Author = {Stoica, Ion and Song, Dawn and Popa, Raluca Ada and Patterson, David A. and Mahoney, Michael W. and Katz, Randy H. and Joseph, Anthony D. and Jordan, Michael and Hellerstein, Joseph M. and Gonzalez, Joseph and Goldberg, Ken and Ghodsi, Ali and Culler, David E. and Abbeel, Pieter},
    Title = {{A Berkeley View of Systems Challenges for AI}},
    Institution = {EECS Department, University of California, Berkeley},
    Year = {2017},
    URL = {http://www2.eecs.berkeley.edu/Pubs/TechRpts/2017/EECS-2017-159.html},
}

@article{Jennrich:1969,
  author={Jennrich, Robert I. and 
          Robinson, Stephen M.},
  title={{A Newton-Raphson algorithm for maximum likelihood factor analysis}},
  journal={Psychometrika},
  year={1969},
}

@inbook{Bottou:2010,
  author={Bottou, L{\'e}on},
  title={{Large-Scale Machine Learning with Stochastic Gradient Descent}},
  bookTitle={Proceedings of COMPSTAT'2010: 19th International Conference on Computational Statistics"},
  year={2010},
}

@article{Haelterman:2009,
 author = {Haelterman, Rob and Degroote, Joris and Van Heule, Dirk and Vierendeels, Jan},
 title = {{The Quasi-Newton Least Squares Method: A New and Fast Secant Method Analyzed for Linear Systems}},
 journal = {SIAM J. Numer. Anal.},
 year = {2009},
} 

@incollection{Recht:2011,
  title = {{Hogwild: A Lock-Free Approach to Parallelizing Stochastic Gradient Descent}},
  author = {Recht, Benjamin and Re, Christopher and Wright, Stephen and Feng Niu},
  booktitle = {Advances in Neural Information Processing Systems 24},
  year = {2011},
}

@inproceedings{McMahan:2017,
  title = {{Communication-Efficient Learning of Deep Networks from Decentralized Data}},
  author  = {H. Brendan McMahan and Eider Moore and Daniel Ramage and Seth Hampson and Blaise Aguera y Arcas},
  booktitle = {Proceedings of the 20th International Conference on Artificial Intelligence and Statistics},
  year  = {2017},
}

%%%%%%%%%%%%%%%%%%%%%
% Related Systems
%%%%%%%%%%%%%%%%%%%%%

@article{Low:2012,
 author = {Low, Yucheng and Bickson, Danny and Gonzalez, Joseph and Guestrin, Carlos and Kyrola, Aapo and Hellerstein, Joseph M.},
 title = {{Distributed GraphLab: A Framework for Machine Learning and Data Mining in the Cloud}},
 journal = {Proceedings of the VLDB Endowment},
 year = {2012},
} 

@inproceedings{Abadi:2016,
  title = {{TensorFlow: A system for large-scale machine learning}},
  author  = {Martin Abadi and Paul Barham and Jianmin Chen and Zhifeng Chen and Andy Davis and Jeffrey Dean and Matthieu Devin and Sanjay Ghemawat and Geoffrey Irving and Michael Isard and Manjunath Kudlur and Josh Levenberg and Rajat Monga and Sherry Moore and Derek G. Murray and Benoit Steiner and Paul Tucker and Vijay Vasudevan and Pete Warden and Martin Wicke and Yuan Yu and Xiaoqiang Zheng},
  year  = {2016},
  booktitle = {12th USENIX Symposium on Operating Systems Design and Implementation (OSDI 16)},
}

@inproceedings{Bonawitz:2017,
    author = {Bonawitz, Keith and Ivanov, Vladimir and Kreuter, Ben and Marcedone, Antonio and McMahan, H. Brendan and Patel, Sarvar and Ramage, Daniel and Segal, Aaron and Seth, Karn},
    title = {Practical Secure Aggregation for Privacy-Preserving Machine Learning},
    booktitle = {Proceedings of the 2017 ACM SIGSAC Conference on Computer and Communications Security},
    series = {CCS},
    year = {2017},
} 


@inproceedings{Corrigan-Gibbs:2017,
author = {Henry Corrigan-Gibbs and Dan Boneh},
title = {{Prio: Private, Robust, and Scalable Computation of Aggregate Statistics}},
booktitle = {NSDI},
year = {2017},
}

@inproceedings{Hsieh:2017,
  author = {Kevin Hsieh and 
            Aaron Harlap and 
            Nandita Vijaykumar and 
            Dimitris Konomis and 
            Gregory R. Ganger and 
            Phillip B. Gibbons and 
            Onur Mutlu},
  title = {{Gaia: Geo-Distributed Machine Learning Approaching {LAN} Speeds}},
  booktitle = {NSDI},
  year = {2017},
} 

@inproceedings{Mohassel:2017, 
  author={P. Mohassel and Y. Zhang}, 
  booktitle={Proceedings of the 2017 IEEE Symposium on Security and Privacy}, 
  series = {S\&P},
  title={{SecureML: A System for Scalable Privacy-Preserving Machine Learning}}, 
  year={2017}, 
}

@inproceedings {Ohrimenko:2016,
  author = {Olga Ohrimenko and 
            Felix Schuster and 
            Cedric Fournet and 
            Aastha Mehta and 
            Sebastian Nowozin and 
            Kapil Vaswani and 
            Manuel Costa},
  title = {{Oblivious Multi-Party Machine Learning on Trusted Processors}},
  booktitle = {USENIX SEC},
  year = {2016},
}

%%%%%%%%%%%%%%%%%%%%%
% Differential Privacy, DP-ML
%%%%%%%%%%%%%%%%%%%%%

@article{Dwork:2014,
 author = {Dwork, Cynthia and Roth, Aaron},
 title = {{The Algorithmic Foundations of Differential Privacy}},
 journal = {Foundations and Trends in Theoretical Computer Science},
 volume = {9},
 number = {3-4},
 year = {2014},
} 

@inproceedings{Fan:2015,
 author = {Fan, Liyue and Jin, Hongxia},
 title = {{A Practical Framework for Privacy-Preserving Data Analytics}},
 booktitle = {Proceedings of the 24th International Conference on World Wide Web},
 series = {WWW '15},
 year = {2015},
} 

@inproceedings{Shokri:2015,
  author = {Shokri, Reza and Shmatikov, Vitaly},
  title = {Privacy-Preserving Deep Learning},
  booktitle = {Proceedings of the 2015 ACM SIGSAC Conference on Computer and Communications Security},
  series = {CCS},
  year = {2015},
} 

@inproceedings{Song:2013,
  title     = {{Stochastic gradient descent with differentially private updates}},
  author    = {Shuang Song and
               Kamalika Chaudhuri and
               Anand D. Sarwate},
  booktitle = {{IEEE} Global Conference on Signal and Information Processing, GlobalSIP
               2013, Austin, TX, USA, December 3-5, 2013},
  year      = {2013},
}

@article{Bellet:2017,
  author    = {Aur{\'{e}}lien Bellet and
               Rachid Guerraoui and
               Mahsa Taziki and
               Marc Tommasi},
  title     = {{Fast and Differentially Private Algorithms for Decentralized Collaborative
               Machine Learning}},
  booktitle = {},
  year      = {2017},
}

@article{Ji:2014,
author={Ji, Zhanglong
        and Jiang, Xiaoqian
        and Wang, Shuang
        and Xiong, Li
        and Ohno-Machado, Lucila},
  title={{Differentially private distributed logistic regression using private and public data}},
  journal={BMC Medical Genomics},
  year={2014},
}

@article{Geyer:2017,
  author    = {Robin C. Geyer and
               Tassilo Klein and
               Moin Nabi},
  title     = {Differentially Private Federated Learning: {A} Client Level Perspective},
  journal   = {NIPS Workshop: Machine Learning on the Phone and other Consumer Devices},
  year      = {2017},
}

%%%%%%%%%%%%%%%%%%%%%
% Tor Attacks
%%%%%%%%%%%%%%%%%%%%%

@inproceedings{Dingledine:2004,
 author = {Dingledine, Roger and Mathewson, Nick and Syverson, Paul},
 title = {{Tor: The Second-generation Onion Router}},
 booktitle = {Proceedings of the 13th Conference on USENIX Security Symposium},
 year = {2004},
} 

@inproceedings{Murdoch:2005,
 author = {Murdoch, Steven J. and Danezis, George},
 title = {{Low-Cost Traffic Analysis of Tor}},
 booktitle = {Proceedings of the 2005 IEEE Symposium on Security and Privacy},
 series = {S\&P},
 year = {2005},
} 

@inproceedings{Evans:2009,
 author = {Evans, Nathan S. and Dingledine, Roger and Grothoff, Christian},
 title = {{A Practical Congestion Attack on Tor Using Long Paths}},
 booktitle = {Proceedings of the 18th Conference on USENIX Security Symposium},
 year = {2009},
} 

@inproceedings{Johnson:2013,
 author = {Johnson, Aaron and Wacek, Chris and Jansen, Rob and Sherr, Micah and Syverson, Paul},
 title = {{Users Get Routed: Traffic Correlation on Tor by Realistic Adversaries}},
 booktitle = {Proceedings of the 2013 ACM SIGSAC Conference on Computer and Communications Security},
 series = {CCS},
 year = {2013},
} 

%%%%%%%%%%%%%%%%%%%%
% Other private comm systems
%%%%%%%%%%%%%%%%%%%%

@inproceedings{Vuvuzela:2015,
 author = {van den Hooff, Jelle and Lazar, David and Zaharia, Matei and Zeldovich, Nickolai},
 title = {Vuvuzela: Scalable Private Messaging Resistant to Traffic Analysis},
 booktitle = {Proceedings of the 25th Symposium on Operating Systems Principles},
 series = {SOSP},
 year = {2015},
} 

@inproceedings{Riposte:2015,
 author = {Corrigan-Gibbs, Henry and Boneh, Dan and Mazi\`{e}res, David},
 title = {{Riposte: An Anonymous Messaging System Handling Millions of Users}},
 booktitle = {Proceedings of the 2015 IEEE Symposium on Security and Privacy},
 series = {S\&P},
 year = {2015},
} 


%%%%%%%%%%%%%%%%%%%%%
% ML Attacks
%%%%%%%%%%%%%%%%%%%%%

@inproceedings {Fredrikson:2014,
  author = {Matthew Fredrikson and Eric Lantz and Somesh Jha and Simon Lin and David Page and Thomas Ristenpart},
  title = {Privacy in Pharmacogenetics: An End-to-End Case Study of Personalized Warfarin Dosing},
  booktitle = {Proceedings of the 23rd {USENIX} Security Symposium},
  series = {USENIX SEC},
  year = {2014},
}

@inproceedings{Calandrino:2011,
 author = {Calandrino, Joseph A. and Kilzer, Ann and Narayanan, Arvind and Felten, Edward W. and Shmatikov, Vitaly},
 title = {{"You Might Also Like: " Privacy Risks of Collaborative Filtering}},
 booktitle = {Proceedings of the 2011 IEEE Symposium on Security and Privacy},
 series = {S\&P},
 year = {2011},
}

@inproceedings{Fredrikson:2015,
 author = {Fredrikson, Matt and Jha, Somesh and Ristenpart, Thomas},
 title = {{Model Inversion Attacks That Exploit Confidence Information and Basic Countermeasures}},
 booktitle = {Proceedings of the 2015 ACM SIGSAC Conference on Computer and Communications Security},
 series = {CCS},
 year = {2015},
}

@inproceedings{Biggio:2012,
  author = {Biggio, Battista and Nelson, Blaine and Laskov, Pavel},
  title = {{Poisoning Attacks Against Support Vector Machines}},
  booktitle = {Proceedings of the 29th International Coference on International Conference on Machine Learning},
  year = {2012},
} 

@inproceedings{Rubinstein:2009,
  author = {Rubinstein, Benjamin I.P. and Nelson, Blaine and Huang, Ling and Joseph, Anthony D. and Lau, Shing-hon and Rao, Satish and Taft, Nina and Tygar, J. D.},
  title = {{ANTIDOTE: Understanding and Defending Against Poisoning of Anomaly Detectors}},
  booktitle = {Proceedings of the 9th ACM SIGCOMM Conference on Internet Measurement},
  year = {2009},
} 

@inproceedings{Huang:2011,
 author = {Huang, Ling and Joseph, Anthony D. and Nelson, Blaine and Rubinstein, Benjamin I.P. and Tygar, J. D.},
 title = {{Adversarial Machine Learning}},
 booktitle = {Proceedings of the 4th ACM Workshop on Security and Artificial Intelligence},
 series = {AISec},
 year = {2011},
} 

@inproceedings{Tramer:2016,
  author = {Florian Tram{\`e}r and 
            Fan Zhang and 
            Ari Juels and 
            Michael K. Reiter and 
            Thomas Ristenpart},
  title = {{Stealing Machine Learning Models via Prediction APIs}},
  booktitle = {USENIX SEC},
  year = {2016},
}

@inproceedings{Hitaj:2017,
  author    = {Briland Hitaj and
               Giuseppe Ateniese and
               Fernando P{\'{e}}rez{-}Cruz},
  title     = {{Deep Models Under the {GAN:} Information Leakage from Collaborative
               Deep Learning}},
  booktitle = {Proceedings of the 2017 ACM SIGSAC Conference on Computer and Communications Security},
  year      = {2017},
}

@article{Shokri:2017,
  title={Membership Inference Attacks Against Machine Learning Models},
  author={Reza Shokri and Marco Stronati and Congzheng Song and Vitaly Shmatikov},
  booktitle={Proceedings of the 2017 IEEE Symposium on Security and Privacy}, 
  series = {S\&P},
  year={2017},
}

@inproceedings{Song:2017,
 author = {Song, Congzheng and Ristenpart, Thomas and Shmatikov, Vitaly},
 title = {Machine Learning Models That Remember Too Much},
 booktitle = {Proceedings of the 2017 ACM SIGSAC Conference on Computer and Communications Security},
 series = {CCS},
 year = {2017},
} 

@inproceedings{Douceur:2002,
  author = {Douceur, John (JD)},
  title = {The Sybil Attack},
  booktitle = {IPTPS},
  year = {2002},
}

%%%%%%%%%%%%%%%%%%%%%
% ML Defenses
%%%%%%%%%%%%%%%%%%%%%

@inproceedings{Nelson:2008,
 author = {Nelson, Blaine and 
           Barreno, Marco and 
           Chi, Fuching Jack and 
           Joseph, Anthony D. and 
           Rubinstein, Benjamin I. P. and 
           Saini, Udam and 
           Sutton, Charles and 
           Tygar, J. D. and 
           Xia, Kai},
 title = {{Exploiting Machine Learning to Subvert Your Spam Filter}},
 booktitle = {Proceedings of the 1st Usenix Workshop on Large-Scale Exploits and Emergent Threats},
 year = {2008},
} 

@article{Barreno:2010,
 author = {Barreno, Marco and Nelson, Blaine and Joseph, Anthony D. and Tygar, J. D.},
 title = {{The Security of Machine Learning}},
 journal = {Machine Learning},
 volume = {81},
 number = {2},
 year = {2010},
} 

@inproceedings{Barreno:2006,
 author = {Barreno, Marco and Nelson, Blaine and Sears, Russell and Joseph, Anthony D. and Tygar, J. D.},
 title = {{Can Machine Learning Be Secure?}},
 booktitle = {Proceedings of the 2006 ACM Symposium on Information, Computer and Communications Security},
 series = {ASIACCS '06},
 year = {2006},
} 

@inproceedings{Mozaffari-Kermani:2015, 
 author   = {M. Mozaffari-Kermani and S. Sur-Kolay and A. Raghunathan and N. K. Jha}, 
 booktitle  = {IEEE Journal of Biomedical and Health Informatics}, 
 title    = {{Systematic Poisoning Attacks on and Defenses for Machine Learning in Healthcare}}, 
 year   = {2015}, 
}

%%%%%%%%%%%%%%%%%%%%%
% Eval
%%%%%%%%%%%%%%%%%%%%%

@misc{Lichman:2013,
  author = {M. Lichman},
  year = {2013},
  title = {{UCI} Machine Learning Repository},
  url = {http://archive.ics.uci.edu/ml},
  institution = {University of California, Irvine, School of Information and Computer Sciences}
  }

@article{Yeh:2009,
 author = {Yeh, I-Cheng and Lien, Che-hui},
 title = {The Comparisons of Data Mining Techniques for the Predictive Accuracy of Probability of Default of Credit Card Clients},
 journal = {Expert Systems with Applications: An International Journal},
 volume = {36},
 number = {2},
 year = {2009},
} 

%%%%%%%%%%%%%%%%%%%%%
% Future Work
%%%%%%%%%%%%%%%%%%%%%

@article{Hodge:2004,
 author = {Hodge, Victoria and Austin, Jim},
 title = {{A Survey of Outlier Detection Methodologies}},
 journal = {Artificial Intelligence Review},
 volume = {22},
 number = {2},
 year = {2004},
} 

@inproceedings{Frey:2017,
 author = {Frey, Remo Manuel and Hardjono, Thomas and Smith, Christian and Erhardt, Keeley and Pentland, Alex 'Sandy'},
 title = {{Secure Sharing of Geospatial Wildlife Data}},
 booktitle = {Proceedings of the Fourth International ACM Workshop on Managing and Mining Enriched Geo-Spatial Data},
 series = {GeoRich '17},
 year = {2017},
} 
